<record><leader>00000nas a2200000 i 4500</leader><controlfield tag="001">952503035</controlfield><controlfield tag="006">m     o  d        </controlfield><controlfield tag="007">cr |||||||||||</controlfield><controlfield tag="008">160629d19071997tnuwr neo     0   a0eng  </controlfield><datafield ind1=" " ind2=" " tag="010"><subfield code="a">  2016271129</subfield></datafield><datafield ind1=" " ind2=" " tag="040"><subfield code="a">DLC</subfield><subfield code="b">eng</subfield><subfield code="e">rda</subfield><subfield code="c">DLC</subfield></datafield><datafield ind1="0" ind2=" " tag="022"><subfield code="a">2473-2745</subfield><subfield code="2">1</subfield></datafield><datafield ind1=" " ind2=" " tag="042"><subfield code="a">pcc</subfield><subfield code="a">nsdp</subfield></datafield><datafield ind1=" " ind2=" " tag="043"><subfield code="a">n-us-tn</subfield></datafield><datafield ind1="1" ind2="0" tag="050"><subfield code="a">ISSN RECORD</subfield></datafield><datafield ind1="1" ind2="0" tag="082"><subfield code="a">071</subfield><subfield code="2">23</subfield></datafield><datafield ind1=" " ind2="0" tag="222"><subfield code="a">Dresden enterprise and Sharon tribune</subfield><subfield code="b">(Online)</subfield></datafield><datafield ind1="0" ind2="0" tag="245"><subfield code="a">Dresden enterprise and Sharon tribune.</subfield></datafield><datafield ind1="1" ind2=" " tag="246"><subfield code="i">Issues for &lt;June 26, Aug. 14-21, 1908; May 5, Sept. 15, 1911; May 19-Sept. 22, 1916, &amp; Nov. 16, 1923&gt; have title:</subfield><subfield code="a">Dresden enterprise</subfield></datafield><datafield ind1="1" ind2=" " tag="246"><subfield code="i">Issues for Feb. 17-July 21, 1922 have title:</subfield><subfield code="a">Enterprise and Sharon tribune</subfield></datafield><datafield ind1="1" ind2=" " tag="246"><subfield code="i">Issues for &lt;January 2, 1914&gt;-May 12, 1916 and September 29, 1916-&lt;December 16, 1921&gt; have title:</subfield><subfield code="a">The Dresden enterprise and Sharon tribune</subfield></datafield><datafield ind1=" " ind2="1" tag="264"><subfield code="a">Dresden, Weakley County, Tennessee :</subfield><subfield code="b">Joe L. Holbrook &amp; Son</subfield></datafield><datafield ind1=" " ind2=" " tag="300"><subfield code="a">1 online resource</subfield></datafield><datafield ind1=" " ind2=" " tag="310"><subfield code="a">Weekly</subfield></datafield><datafield ind1=" " ind2=" " tag="336"><subfield code="a">text</subfield><subfield code="b">txt</subfield><subfield code="2">rdacontent</subfield></datafield><datafield ind1=" " ind2=" " tag="337"><subfield code="a">computer</subfield><subfield code="b">c</subfield><subfield code="2">rdamedia</subfield></datafield><datafield ind1=" " ind2=" " tag="338"><subfield code="a">online resource</subfield><subfield code="b">cr</subfield><subfield code="2">rdacarrier</subfield></datafield><datafield ind1="1" ind2=" " tag="362"><subfield code="a">Began June 21, 1907; ceased April 30, 1997.</subfield></datafield><datafield ind1=" " ind2=" " tag="580"><subfield code="a">Formed by the union of: Dresden enterprise (Dresden, Tenn. : 1890), and: Sharon tribune.</subfield></datafield><datafield ind1=" " ind2=" " tag="588"><subfield code="a">Description based on: 31st year, number 40 (January 2, 1914); title from masthead (Chroniclingamerica.loc.gov, viewed June 29, 2016).</subfield></datafield><datafield ind1=" " ind2=" " tag="588"><subfield code="a">Latest issue consulted: Volume 39, no. 34 (Dec. 16, 1921) (Chroniclingamerica.loc.gov, viewed June 29, 2016).</subfield></datafield><datafield ind1=" " ind2="0" tag="651"><subfield code="a">Dresden (Tenn.)</subfield><subfield code="v">Newspapers.</subfield></datafield><datafield ind1=" " ind2="0" tag="651"><subfield code="a">Weakley County (Tenn.)</subfield><subfield code="v">Newspapers.</subfield></datafield><datafield ind1=" " ind2="7" tag="651"><subfield code="a">Tennessee</subfield><subfield code="z">Dresden.</subfield><subfield code="2">fast</subfield><subfield code="0">(OCoLC)fst01227063</subfield></datafield><datafield ind1=" " ind2="7" tag="651"><subfield code="a">Tennessee</subfield><subfield code="z">Weakley County.</subfield><subfield code="2">fast</subfield><subfield code="0">(OCoLC)fst01210110</subfield></datafield><datafield ind1=" " ind2="7" tag="655"><subfield code="a">Newspapers.</subfield><subfield code="2">fast</subfield><subfield code="0">(OCoLC)fst01423814</subfield></datafield><datafield ind1=" " ind2=" " tag="752"><subfield code="a">United States</subfield><subfield code="b">Tennessee</subfield><subfield code="c">Weakley</subfield><subfield code="d">Dresden.</subfield></datafield><datafield ind1="0" ind2="8" tag="776"><subfield code="i">Originally issued in print:</subfield><subfield code="t">Dresden enterprise and Sharon tribune</subfield><subfield code="x">2473-2737</subfield><subfield code="w">(DLC)sn 89058336</subfield><subfield code="w">(OCoLC)19248670</subfield></datafield><datafield ind1="1" ind2="4" tag="780"><subfield code="t">Dresden enterprise (Dresden, Tenn. : 1890)</subfield></datafield><datafield ind1="1" ind2="4" tag="780"><subfield code="t">Sharon tribune</subfield></datafield><datafield ind1="0" ind2="0" tag="785"><subfield code="t">Dresden enterprise (Dresden, Tenn. : 1997)</subfield></datafield><datafield ind1="4" ind2="0" tag="856"><subfield code="u">http://www.loc.gov/chroniclingamerica/lccn/sn89058336/issues</subfield></datafield></record>